@article{Aubert:1976oaa,
    author = "Aubert, J. J. and others",
    title = "{Experimental observation of a heavy Particle J}",
    journal = "Adv. Exp. Phys.",
    volume = "5",
    pages = "128",
    year = "1976"
}


@article{ParticleDataGroup:2020ssz,
    author = "Zyla, P. A. and others",
    collaboration = "Particle Data Group",
    title = "{Review of Particle Physics}",
    doi = "10.1093/ptep/ptaa104",
    journal = "PTEP",
    volume = "2020",
    number = "8",
    pages = "083C01",
    year = "2020"
}

@article{DAlesio:2020eqo,
    author = "D'Alesio, Umberto and Maxia, Luca and Murgia, Francesco and Pisano, Cristian and Rajesh, Sangem",
    title = "{Process dependence of the gluon Sivers function in $p^\uparrow p \to J/\psi + X$ within a TMD scheme in NRQCD}",
    eprint = "2007.03353",
    archivePrefix = "arXiv",
    primaryClass = "hep-ph",
    doi = "10.1103/PhysRevD.102.094011",
    journal = "Phys. Rev. D",
    volume = "102",
    number = "9",
    pages = "094011",
    year = "2020"
}

@article{PHENIX:2018qvl,
    author = "Aidala, C. and others",
    collaboration = "PHENIX",
    title = "{Single-spin asymmetry of $J/\psi$ production in $p+p$, $p+$Al, and $p+$Au collisions with transversely polarized proton beams at $\sqrt{s_{_{NN}}}=200$ GeV}",
    eprint = "1805.01491",
    archivePrefix = "arXiv",
    primaryClass = "hep-ex",
    doi = "10.1103/PhysRevD.98.012006",
    journal = "Phys. Rev. D",
    volume = "98",
    number = "1",
    pages = "012006",
    year = "2018"
}


@article{SeaQuest:2019hsx,
    author = "Chen, Andrew and others",
    editor = "Lenisa, Paolo and Ciullo, Giuseppe and Contalbrigo, Marco and Pappalardo, Luciano",
    collaboration = "SeaQuest",
    title = "{Probing nucleon\textquoteright{}s spin structures with polarized Drell-Yan in the Fermilab SpinQuest experiment}",
    eprint = "1901.09994",
    archivePrefix = "arXiv",
    primaryClass = "nucl-ex",
    reportNumber = "FERMILAB-CONF-18-412-E",
    doi = "10.22323/1.346.0164",
    journal = "PoS",
    volume = "SPIN2018",
    pages = "164",
    year = "2019"
}


@article{pedregosa2011scikit,
  title={Scikit-learn: Machine learning in Python},
  author={Pedregosa, Fabian and Varoquaux, Ga{\"e}l and Gramfort, Alexandre and Michel, Vincent and Thirion, Bertrand and Grisel, Olivier and Blondel, Mathieu and Prettenhofer, Peter and Weiss, Ron and Dubourg, Vincent and others},
  journal={the Journal of machine Learning research},
  volume={12},
  pages={2825--2830},
  year={2011},
  publisher={JMLR. org}
}

@article{Wynne:2012jb,
    author = "Wynne, Benjamin",
    title = "{Imagiro: An Implementation of Bayesian iterative unfolding for high energy physics}",
    eprint = "1203.4981",
    archivePrefix = "arXiv",
    primaryClass = "physics.data-an",
    month = "3",
    year = "2012"
}


@article{kenichi:2021jul,
    author = "Nakano, Kenichi",
    title = "{Anticipated Statistical Precision of TSSA of J/psi and psi'}",
    eprint = "9460-v1",
    archivePrefix = "DocDB",
    primaryClass = "SEAQUEST",
    month = "7",
    year = "2021"
}

@article{Longo:2017snu,
    author = "Longo, Riccardo",
    editor = "Foka, Y. and Brambilla, N. and Kovalenko, V.",
    collaboration = "COMPASS",
    title = "{Polarised Drell-Yan at COMPASS}",
    doi = "10.1051/epjconf/201713705013",
    journal = "EPJ Web Conf.",
    volume = "137",
    pages = "05013",
    year = "2017"
}

@article{FRITZSCH1977217,
title = {Producing heavy quark flavors in hadronic collisions—' A test of quantum chromodynamics},
journal = {Physics Letters B},
volume = {67},
number = {2},
pages = {217-221},
year = {1977},
issn = {0370-2693},
doi = {https://doi.org/10.1016/0370-2693(77)90108-3},
url = {https://www.sciencedirect.com/science/article/pii/0370269377901083},
author = {Harald Fritzsch},
abstract = {It is suggested, within the framework of QDC, that the production of heavy quark flavors in hardronic reactions proceeds via the materialization of a highly virtual gluon into a heavy quark-antiquark pair. Several phenomenological applications are discussed. In particular the charm production cross section at 400 GeV/c proton-nucleus collisions is calculated to be ≅ 120 nb/nucleon. Anti-proton-nucleon scattering is found to be especially suited for Ψ(J) and charm production, and provides an important and interesting test for the proposed production mechanism.}
}


@phdthesis{Kempel:2011et,
    author = "Kempel, Todd",
    title = "{Understanding the $J/\psi$ Production Mechanism at PHENIX}",
    eprint = "1107.1293",
    archivePrefix = "arXiv",
    primaryClass = "nucl-ex",
    school = "Iowa State U.",
    year = "2011"
}
